@article{<ob1>,
    author        = {CMS Collaboration},
    title         = {Observation of a new boson at a mass of 125 {GeV} with the {CMS} experiment at the {LHC}},
    journal       = {Physics Letters B
Volume 716, Issue 1},
    year          = {2012}
}
@article{<ob2>,
    author        = {ATLAS Collaboration},
    title         = {{Observation of a new particle in the search for the Standard Model Higgs boson with the ATLAS detector at the LHC}},
    journal       = {Physics Letters B
Volume 716, Issue 1},
    year          = {2012}
}
@article{<PDG>,
    author        = {Particle Data Group},
    title         = {{Review of Particle Physics, 2018-2019}},
    journal       = {Phys. Rev. D 98:030001},
    year          = {Aug 2018}
}
@article{<HPL>,
    author        = {J. Baglio and A. Djouadi},
    title         = {{Higgs production at the LHC}},
    journal       = {JHEP 03:055},
    year          = {2011}
}
@article{<PHT>,
    author        = {J. Baglio and A. Djouadi},
    title         = {{Predictions for Higgs production at the Tevatron and
the associated uncertainties}},
    journal       = {JHEP 10:064},
    year          = {2010}
}

@article{<AQL>,
    author        = {Stefano Catani},
    title         = {{Aspects of QCD, from the Tevatron to the LHC}},
    journal       = {CERN-TH-2000-073},
    year          = {23 May 2000}
}

@article{<HPDGH>,
    author        = {C. Anastasiou et al},
    title         = {{High precision determination of the gluon fusion Higgs boson
cross-section at the LHC}},
    journal       = {JHEP, 05:058},
    year          = {2016}
}

@article{<decaybr>,
    author        = {Tania Robens, Tim Stefaniak and Jonas Wittbrodt},
    title         = {{Two-real-scalar-singlet extension of the SM: LHC phenomenology and benchmark scenarios}},
    journal       = {EPJ C, s10052-020-7655-x},
    year          = {19 Feb 2020}
}

@misc{<HPDC>,
    author        = {Dennis Silverman},
    title         = {{Higgs Production and Decay Channels}},
    year          = {26 Nov 2012},
    howpublished = "\url{https://sites.uci.edu/energyobserver/2012/11/26/higgs-production-and-decay-channels}"
}

@misc{<Cross>,
    author        = {"opendata.atlas.cern"},
    title         = {{The Higgs Boson}},
    year          = {4 Dec 2017},
    howpublished = "\url{http://opendata.atlas.cern/books/current/get-started/\_book/the-higgs-boson.html}"
}
@book{<hb>,
    author        = {S. Dittmaier et al},
    title         = {{Handbook of LHC Higgs Cross Sections: 2. Differential Distributions}},
    year          = {2012}
}
@book{<Handbook>,
    author        = {LHC Higgs Cross Section Working Group},
    title         = {{Handbook of LHC Higgs Cross Sections: 4. Deciphering the Nature of the Higgs Sector}},
    year          = {2016}
}
@article{<measure>,
    author        = {CMS Collaboration},
    title         = {{Measurement of the properties of a Higgs boson in the four lepton final state}},
    journal       = {Phys. Rev., D89(9):092007},
    year          = {2014},
}
@article{<measured>,
    author        = {ATLAS Collaboration},
    title         = {{Measurement of the Higgs boson mass from channels with the ATLAS detector using 25 $fb^{-1}$ of pp collision data}},
    journal       = {Phys. Rev., D90(5):052004},
    year          = {2014}
}
@article{<couple>,
    author        = {ATLAS Collaboration},
    title         = {{Measurements of Higgs boson production and couplings in the four-lepton channel in pp collisions at center-of-mass energies of 7 and 8 TeV with the ATLAS detector}},
    journal       = {Phys. Rev., D91(1):012006},
    year          = {2015}
}
@article{<width>,
    author        = {CMS Collaboration},
    title         = {Constraints on the Higgs boson width from off-shell production and decay to $Z$-boson pairs},
    journal       = {Phys. Lett., B736:64–85},
    year          = {2014}
}
@article{<constraint>,
    author        = {ATLAS Collaboration},
    title         = {{Constraints on the off-shell Higgs boson signal strength in the high-mass $ZZ$ and $WW$ final states with the ATLAS detector}},
    journal       = {Eur. Phys. J.,C75(7):335},
    year          = {2015}
}
@article{<limit>,
    author        = {CMS Collaboration},
    title         = {{Limits on the Higgs boson lifetime and width from its decay to four charged leptons}},
    journal       = {Phys. Rev., D92(7):072010},
    year          = {2015}
}
@article{<study>,
    author        = {CMS Collaboration},
    title         = {{Study of the Mass and Spin-Parity of the Higgs Boson Candidate via its Decays to $Z$ Boson Pairs}},
    journal       = {Phys. Rev. Lett., 110(8):081803},
    year          = {2013}
}
@article{<evidence>,
    author        = {ATLAS Collaboration},
    title         = {{Evidence for the spin-0 nature of the Higgs boson using ATLAS data}},
    journal       = {Phys. Lett., B726:120–144},
    year          = {2013}
}
@article{<cons>,
    author        = {CMS Collaboration},
    title         = {{Constraints on the spin-parity and anomalous $HVV$ couplings of the Higgs boson in proton collisions at 7 and 8 TeV}},
    journal       = {Phys. Rev., D92(1):012004},
    year          = {2015}
}
@article{<diboson>,
    author        = {ATLAS Collaboration},
    title         = {{Study of the spin and parity of the Higgs boson in diboson decays with the ATLAS detector}},
    journal       = {Eur. Phys. J., C75(10):476, 2015. [Erratum: Eur. Phys. J.C76,no.3,152},
    year          = {2016}
}
@article{<fid>,
    author        = {ATLAS Collaboration},
    title         = {{Fiducial and differential cross sections of Higgs boson production measured in the four-lepton decay channel in pp collisions at $\sqrt{s}=8$ TeV with the ATLAS detector}},
    journal       = {Phys. Lett., B738:234–253},
    year          = {2014}
}
@article{<pro>,
    author        = {CMS Collaboration},
    title         = {{Measurement of differential and integrated fiducial cross sections for Higgs boson production in the four-lepton decay channel in pp collisions at $\sqrt{s}$ = 7 and 8 TeV}},
    journal       = {JHEP, 04:005},
    year          = {2016}
}
@article{<sear>,
    author        = {ATLAS Collaboration},
    title         = {{Search for an additional, heavy Higgs boson in the $H \rightarrow ZZ$ decay channel at $\sqrt{s}$ = 8 TeV in pp collision data with the ATLAS detector}},
    journal       = {Eur. Phys. J., C76(1):45},
    year          = {2016}
}
@article{<pair>,
    author        = {CMS Collaboration},
    title         = {{Search for a Higgs boson in the mass range from 145 to 1000 GeV decaying to a pair of $W$ or $Z$ bosons}},
    journal       = {JHEP, 10:144},
    year          = {2015}
}
@article{<pem>,
    author        = {ALEPH, CDF, D0, DELPHI, L3, OPAL, SLD Collaboration, J. Alcaraz},
    title         = {{Precision Electroweak Measurements and Constraints on the Standard Model}},
    journal       = {CERN-PH-EP/2010-095},
    year          = {2009}
}
@article{<tew>,
    author        = {Tevatron Electroweak Working Group, CDF, D0 Collaboration},
    title         = {{Combination of CDF and Do results on the mass of the top quark using up to 5.8 $fb^{-1}$ of data}},
    journal       = {FERMILAB-TM-2504-E},
    year          = {2011}
}
@book{<jane>,
    author        = {Patrick Janot},
    title         = {{"Searching for Higgs Bosons at LEP 1 and LEP 2" in Advanced Series on Directions in High Energy Physics: Volume 17 Perspectives on Higgs Physics II}},
    year          = {1998}
}
@article{<RPP>,
    author        = {Particle Data Group Collaboration,},
    title         = {{“Review of Particle Physics(RPP)”}},
    journal       = {Phys.Rev. D,01001},
    year          = {2012}
}
@misc{<acc>,
    author        = {Haffner, Julie},
    title         = {{Facts and figures about the LHC}},
    year          = {2013},
    howpublished = "\url{https://home.cern/resources/faqs/facts-and-figures-about-lhc}"}
@misc{<cms>,
    author        = {Xabier Cid Vidal,Ramon Cid Manzano},
    title         = {{CMS, Taking a closer look at LHC}},
    year          = {2012},
    howpublished  = "\url{https://www.lhc-closer.es/taking\_a\_closer\_look\_at\_lhc/0.cms}"
}
@article{<rep>,
    author        = {CMS Collaboration,},
    title         = {{“The Tracker Project Technical Design Report”}},
    journal       = {CERN/LHCC 1998-006},
    year          = {1998}
}   
@article{<ecal>,
    author        = {CMS Collaboration,},
    title         = {{“ECAL Technical Design Report”}},
    journal       = {CERN/LHCC 1997-033},
    year          = {1997}
}    
 @article{<hcal>,
    author        = {S. Abdullin et al. Eur},
    title         = {{“Design, performance, and calibration of CMS forward calorimeter wedges”}},
    journal       = {Phys. J. C, 53, 139},
    year          = {2008}   
}
@article{<quora>,
    author        = {Andy Buckley},
    title         = {{“signal strength modifier in particle physics data analysis like Higgs boson or beyond the standard model physics”}},
    journal       = {Quora},
    year          = {2020}
}    
@article{<cls>,
    author        = {A. L. Read},
    title         = {{“Presentation of search results: the CLs technique”}},
    journal       = {J. Phys.G, vol. 28, p. 2693},
    year          = {2002}
}  
@article{<asym>,
    author        = {G. Cowan, K. Cranmer, E. Gross, and O. Vitells},
    title         = {{“Asymptotic formulae for likelihood-based tests of new physics”}},
    journal       = {Eur.Phys.J.C71:1554},
    year          = {2010}
}    
@article{<ss1>,
    author        = {A. Djouadi},
    title         = {{The Anatomy of Electro-Weak Symmetry Breaking. I: The Higgs boson in the Standard Model}},
    journal       = {10.1016/j.physrep.2007.10.004},
    year          = {2005}
}    
@article{<ss2>,
    author        = {S. Dittmaier and M. Schumacher},
    title         = {{The Higgs Boson in the Standard Model - From LEP to LHC: Expectations, Searches, and Discovery of a Candidate}},
    journal       = {10.1016/j.ppnp.2013.02.001},
    year          = {2013}
}
@article{<ss3>,
    author        = {ATLAS Collaboration},
    title         = {{Measurements of the properties of the Higgs-like bosonin the four lepton decay channel with the ATLAS detector using 25 $fb^{−1}$ of proton-proton collision data}},
    journal       = {ATLAS-CONF-2013-013},
    year          = {2013}
}
@article{<ss4>,
    author        = {A. Denner, S. Heinemeyer, I. Puljak, D. Rebuzzi, and M. Spira},
    title         = {{Standard Model Higgs-Boson Branching Ratios with Uncertainties}},
    journal       = {10.1140/epjc/s10052-011-1753-8},
    year          = {2011}
}
@article{<ss5>,
    author        = {S. Dittmaier et. al.},
    title         = {{LHC Higgs Cross Section Working Group}},
    journal       = {10.5170/CERN-2012-002},
    year          = {2012}
}
@article{<ss7>,
    author        = {P. Bechtle, O. Brein, S. Heinemeyer, O. Stål, T. Stefaniak, et. al.},
    title         = {{Improved Tests of ExtendedHiggs Sectors against Exclusion Boundsfrom LEP, the Tevatron and the LHC}},
    journal       = {10.1140/epjc/s10052-013-2693-2},
    year          = {2013}
}
@article{<brout>,
    author        = {F. Englert and R. Brout},
    title         = {{Broken symmetry and the mass of gauge vector mesons}},
    journal       = {Phys. Rev. Lett., 13:321},
    year          = {1964}
}
@article{<higgs>,
    author        = {P. W. Higgs},
    title         = {{Broken symmetries and the masses of gauge bosons}},
    journal       = {Phys. Rev. Lett.,13:508},
    year          = {1964}
}
@article{<guralnik>,
    author        = {G. S. Guralnik, C. R. Hagen, and T. W. B. Kibble},
    title         = {{Global conservation laws and massless particles}},
    journal       = {Phys. Rev. Lett., 13:585},
    year          = {1964}
}
@article{<goldstone>,
    author        = {J. Goldstone},
    title         = {{Field theories with « superconductor » solutions.}},
    journal       = {Il Nuovo Cimento (1955-1965), 19(1):154–164},
    year          = {Jan 1961}
}
@book{<thesis>,
    author        = {Sculac Toni},
    title         = {{Measurements of Higgs boson properties in the four-lepton channel in pp collisions at centre-of-mass energy of 13 TeV with the CMS detector}},
    year          = {5 Dec 2018}
}
@article{<2021>,
    author        = {CMS Collaboration},
    title         = {{Measurements of production cross sections of the Higgs boson in the four-lepton final state in proton-proton collisions}},
    journal       = {Eur.Phys.J.C 81 (2021) 488},
    year          = {2021}
}
@book{<cheb1>,
    author        = {Shafer and Zhang},
    title         = {{Introductory Statistics:The Empirical Rule and Chebyshev’s Theorem}},
    year          = {2021},
}
@misc{<cheb2>,
    author        = {Eldad Haber},
    title         = {{Chapter 4:Curve Fitting}},
    year          = {2005},
    howpublished  = "\url{http://www.mathcs.emory.edu/~haber/math315/chap4.pdf}"
}
@book{<cowan>,
    author        = {Glen Cowan},
    title         = {{Staistical Data Analysis}},
    year          = {1998},
}
@book{<toni>,
    author        = {Sculac Toni},
    title         = {{Measurements of Higgs boson properties in the four-lepton channel in pp collisions at centre-of-mass energy of 13 TeV with the CMS detector}},
    year          = {2018},
}
@book{<gd1>,
    author        = {S. Brandt},
    title         = {{Data Analysis, 3rd edition, BI-Wissenschaftsverlag, Mannheim}},
    year          = {1992},
}
@book{<gd2>,
    author        = {Springer, New York},
    title         = {{Statistical and Computational Methods in Data Analysis}},
    year          = {1997},
}
@book{<gd3>,
    author      = {A.G. Frodesen, O. Skjeggestad and H. T0fte},
    Title       ={{Probability and Statistics in Particle Physics}},
    year        = {Universitets for laget, Oslo 1979}
}
@book{<gd4>,
    author      = {Edward J. Dudewicz and Satya N. Mishra},
    Title       ={{Modern Mathematical Statistics}},
    year        = {John WileY, New York 1988}
}
@misc{<gd5>,
    author        = {CERN, Geneva},
    title         = {{CERN Program Library}},
    year          = {1997},
    howpublished = "\url{http://www.cern.ch/CERN/Computing.html}"
}
@article{<LD>,
    author        = {L. Landau},
    title         = {{On the energy loss of fast particles by ionisation}},
    journal       = {J. Phys. USSR 8},
    year          = {1944}
}
@book{<bwd>,
    author      = {W.T. Eadie, D. Drijard, F.E. James, M. Roos and B. Sadoulet},
    Title       ={Statistical Methods in Experimental Physics},
    year        = {North-Holland, Amsterdam 1971}
}
@misc{<pd1>,
    author        = {V.Karim̈aki},
    title         = {{Selected Topics on Data Analysis in Particle Physics}},
    year          = {1992},
    howpublished = "\url{https://www.mv.helsinki.fi/home/karimaki/CMHEP/Lectures/statLectures.pdf}"
}
@article{<pd2>,
    author        = {Tuija Aaltonen, Petteri Mehtälä, Risto Olavi Orava, 
Tuula Mäki},
    title         = {{A Measurement of the t-tbar Cross Section in $p\bar{p}$ Collisions at $\sqrt{s}$ = 1.96 TeV using Dilepton Events with a Lepton plus Track Selection}},
    journal       = {researchgate.net/publication},
    year          = {2009}
}
@article{<fg>,
    author        = {F. Garwood},
    title         = {{Fiducial Limits for the Poisson Distribution, Biometrika 28 (1936), no. 3-4,
437,}},
    journal       = {10.1093/biomet/28.3-4.437},
    year          = {1936}
}
@book{<bbf>,
    author      = {W. Allison and J. Cobb},
    Title       ={{Relativistic Charged Particle Identification by Energy Loss}},
    year        = {1980}
}
@book{<sap>,
    author      = {Alejandro Garcia and Ernest M. Henley},
    Title       ={{Subatomic Physics}},
    year        = {2007}
}
@book{<gws>,
    author      = {Samoil Mihelevič Bilen'kij},
    Title       ={{Glashow-Weinberg-Salam Theory of Electroweak Interactions and the Neutral Currents, Volume 90, Issue 2 of Physics Reports, ISSN 0370-1573}},
    year        = {1982}
}
@article{<mac69>,
    author        = {H.D. Maccabee and D.G. Papworth,},
    title         = {Correction to Landau's energy loss formula,},
     journal       = {Phys. Lett. 30A},
    year          = {1969}
}
@article{<colab1>,
    author        = {Muhammad Bilal Kiani,},
    title         = {Measurement of {H}iggs properties using the four lepton decay channel,},
     journal       = {arXiv:1710.03577},
    year          = {Oct 2017}
}
@article{<colab2>,
    author        = {CMS Collaboration,},
    title         = {Measurement of {H}iggs boson cross section decaying to four lepton final state at pp collision \sqrt{s} = 13 TeV,},
     journal       = {arXiv:210304956.},
    year          = {June 2021}
}
